<record><leader>00000cas a22000007a 4500</leader><controlfield tag="001">10076175</controlfield><controlfield tag="008">831031d18851887ksuwr ne      0   a0eng d</controlfield><datafield ind1=" " ind2=" " tag="010"><subfield code="a">sn 83040780 </subfield></datafield><datafield ind1=" " ind2=" " tag="040"><subfield code="a">KSH</subfield><subfield code="b">eng</subfield><subfield code="c">KSH</subfield><subfield code="d">NPT</subfield><subfield code="d">OCLCQ</subfield></datafield><datafield ind1=" " ind2=" " tag="042"><subfield code="a">msc</subfield></datafield><datafield ind1=" " ind2=" " tag="043"><subfield code="a">n-us-ks</subfield></datafield><datafield ind1="0" ind2=" " tag="130"><subfield code="a">Republican herald (Ashland, Kan.)</subfield></datafield><datafield ind1="1" ind2="0" tag="245"><subfield code="a">Republican herald.</subfield></datafield><datafield ind1=" " ind2=" " tag="260"><subfield code="a">Ashland, Kan. :</subfield><subfield code="b">Ben E. Page &amp; Lucius Hitchcock,</subfield><subfield code="c">-1886.</subfield></datafield><datafield ind1=" " ind2=" " tag="300"><subfield code="a">v. :</subfield><subfield code="b">ill. ;</subfield><subfield code="c">60 cm.</subfield></datafield><datafield ind1=" " ind2=" " tag="310"><subfield code="a">Weekly</subfield></datafield><datafield ind1="0" ind2=" " tag="362"><subfield code="a">-v. 1, no. 33 (May 29, 1886).</subfield></datafield><datafield ind1="1" ind2=" " tag="362"><subfield code="a">Began in 1885.</subfield><subfield code="z">Cf. Ayer, 1886.</subfield></datafield><datafield ind1=" " ind2=" " tag="500"><subfield code="a">Published on Saturday.</subfield></datafield><datafield ind1=" " ind2=" " tag="500"><subfield code="a">Editors: Ben E. Page; Lucius Hitchcock.</subfield></datafield><datafield ind1=" " ind2=" " tag="530"><subfield code="a">Available on microfilm from Micro Photo.</subfield></datafield><datafield ind1=" " ind2=" " tag="588"><subfield code="a">Description based on: Vol. 1, no. 4 (Nov. 7, 1885).</subfield></datafield><datafield ind1="1" ind2=" " tag="700"><subfield code="a">Page, Ben E.</subfield></datafield><datafield ind1="1" ind2=" " tag="700"><subfield code="a">Hitchcock, Lucius.</subfield></datafield><datafield ind1=" " ind2=" " tag="752"><subfield code="a">United States</subfield><subfield code="b">Kansas</subfield><subfield code="c">Clark</subfield><subfield code="d">Ashland.</subfield></datafield><datafield ind1="0" ind2="0" tag="785"><subfield code="t">Southwestern republican herald</subfield><subfield code="w">(DLC)sn 86063635</subfield></datafield></record>